@article{kifowit2006harmonic,
  title={The harmonic series diverges again and again},
  author={Kifowit, Steven J and Stamps, Terra A},
  journal={To appear in The AMATYC Review},
  pages={1},
  year={2006}
}