@article{harmonicseries,
  title={The harmonic series diverges again and again},
  author={Kifowit, Steven J and Stamps, Terra A},
  journal={To appear in The AMATYC Review},
  pages={1},
  year={2006}
}

@book{understanding_analysis,
  title={Understanding Analysis},
  author={Abbott, S.},
  isbn={9781441928665},
  lccn={00058308},
  series={Undergraduate Texts in Mathematics},
  url={https://books.google.ca/books?id=jfMDlNqvWfsC},
  year={2010},
  publisher={Springer}
}

@article{fourier,
  title={Fourier Analysis : The Catalyst of Modern Analysis},
  author={Sqalli, Nisrine and Lahlou, Samy},
  year={2025}
}

@book{berndt2012ramanujan,
  title={Ramanujanâ€™s Notebooks: Part I},
  author={Berndt, B.C.},
  number={ptie.~1},
  isbn={9781461210887},
  url={https://books.google.ca/books?id=IJHaBwAAQBAJ},
  year={2012},
  publisher={Springer New York}
}

@book{fourier1822,
  title={Th{\'e}orie analytique de la chaleur},
  author={Fourier, J.B.J.},
  series={Landmarks of Science},
  url={https://books.google.ca/books?id=TDQJAAAAIAAJ},
  year={1822},
  publisher={Didot}
}