@article{harmonicseries,
  title={The harmonic series diverges again and again},
  author={Kifowit, Steven J and Stamps, Terra A},
  journal={To appear in The AMATYC Review},
  pages={1},
  year={2006}
}

@book{understanding_analysis,
  title={Understanding Analysis},
  author={Abbott, S.},
  isbn={9781441928665},
  lccn={00058308},
  series={Undergraduate Texts in Mathematics},
  url={https://books.google.ca/books?id=jfMDlNqvWfsC},
  year={2010},
  publisher={Springer}
}