@book{rosen2019discrete,
  title={Discrete Mathematics and Its Applications},
  author={Rosen, K.H.},
  isbn={9781260091991},
  lccn={2018008740},
  url={https://books.google.ca/books?id=T_K9tgEACAAJ},
  year={2019},
  publisher={McGraw-Hill}
}

@book{dunham1999euler,
  title={Euler: The Master of Us All},
  author={Dunham, W.},
  number={vol.~22},
  isbn={9780883853009},
  lccn={98088271},
  series={Dolciani Mathematical Expositions},
  url={https://books.google.ca/books?id=lefuAAAAMAAJ},
  year={1999},
  publisher={Mathematical Association of America}
}

@book{euler1755institutiones,
  title={Institutiones Calculi differentialis},
  author={Euler, L.},
  url={https://books.google.com/books?id=sYE_AAAAcAAJ},
  year={1755}
}

@article{eulerBaselProblem,
  title={De summis serierum reciprocarum},
  author={Euler, L.},
  year={1740}
}

@book{pursuitZeta3,
  title={In Pursuit of Zeta-3: The World's Most Mysterious Unsolved Math Problem},
  author={Nahin, P.J.},
  isbn={9780691206073},
  lccn={2021018589},
  url={https://books.google.ca/books?id=xDQtEAAAQBAJ},
  year={2021},
  publisher={Princeton University Press}
}

@article{euler1737variae,
  title={Variae observationes circa series infinitas},
  author={Euler, Leonhard},
  journal={Commentarii academiae scientiarum Petropolitanae},
  volume={9},
  number={1744},
  pages={160--188},
  year={1737}
}

@book{euler1748introductio,
  title={Introductio in analysin infinitorum},
  author={Euler, L.},
  number={vol.~1},
  lccn={nuc87453297},
  series={Introductio In Analysin Infinitorum},
  url={https://books.google.ca/books?id=VHNdAAAAcAAJ},
  year={1748},
  publisher={Bousquet}
}

@article{euler1740progressionibus,
  title={De progressionibus harmonicis observationes},
  author={Euler, Leonhard},
  journal={Commentarii academiae scientiarum Petropolitanae},
  volume={7},
  number={1734-35},
  pages={150--156},
  year={1740}
}

@article{euler1785summa,
  title={De summa seriei ex numeris primis formatae 1/3--1/5+ 1/7+ 1/11--1/13--1/17+ 1/19+ 1/23--1/29+ 1/31 etc. ubi numeri primi formae 4n--1 habent signum positivum, formae autem 4n+ 1 signum negativum},
  author={Euler, Leonhard},
  journal={Opuscula analytica},
  pages={240--256},
  year={1785}
}

@article{euler1750seriebus,
  title={De seriebus quibusdam considerationes},
  author={Euler, Leonhard},
  journal={Commentarii academiae scientiarum Petropolitanae},
  pages={53--96},
  year={1750}
}

@book{bernoulli1713ars,
  title={Ars conjectandi: },
  author={Bernoulli, J.},
  url={https://books.google.ca/books?id=XPOf7STJ3y4C},
  year={1713},
  publisher={Impensis Thurnisiorum, Fratrum}
}

@online{MathologerPowerSum,
  title = {Power sum MASTER CLASS: How to sum quadrillions of powers ... by hand! (Euler-Maclaurin formula)},
  year = {2019},
  organization = {Youtube},
  author = {Mathologer},
  url = {https://youtu.be/fw1kRz83Fj0?si=QkU-TPJDSR33Mqf3},
}

@book{mengoli1650nou√¶,
  title={Nou{\ae} quadratur{\ae} arithmetic{\ae}, seu de additione fractionum, etc},
  author={MENGOLI, P.},
  url={https://books.google.ca/books?id=FI9OfXHP1c8C},
  year={1650},
  publisher={Ex typographia I. Montij}
}

@book{taylor1717methodus,
  title={Methodus incrementorum directa \& inversa},
  author={Taylor, B.},
  url={https://books.google.ca/books?id=r-Gq9YyZYXYC},
  year={1715},
  publisher={Impensis Gulielmi Innys}
}

@book{archimedes1897,
  title={THE WORKS OF ARCHIMEDES},
  author={Heath, T. L.},
  url={https://books.google.ca/books?id=9cVmAAAAcAAJ},
  year={1897},
  publisher={Cambridge University Press}
}

@article{NicoleOresme,
  title={Mathematical Concepts and Proofs from Nicole Oresme},
  author={Babb, J.},
  journal={Science and Education},
  pages={443-456},
  year={2005}
}

@article{LeibnizMadhavaSeries,
 ISSN = {0025570X, 19300980},
 URL = {http://www.jstor.org/stable/2690896},
 author = {Ranjan Roy},
 journal = {Mathematics Magazine},
 number = {5},
 pages = {291--306},
 publisher = {[Mathematical Association of America, Taylor & Francis, Ltd.]},
 title = {The Discovery of the Series Formula for pi by Leibniz, Gregory and Nilakantha},
 urldate = {2025-06-18},
 volume = {63},
 year = {1990}
}

@article{eulerE20,
  title={De summatione innumerabilium progressionum},
  author={Euler, Leonhard},
  journal={Commentarii academiae scientiarum Petropolitanae},
  pages={91--105},
  year={1738}
}

@article{eulerE46,
  title={Methodus universalis serierum convergentium summas quam proxime inveniendi},
  author={Euler, Leonhard},
  journal={Commentarii academiae scientiarum Petropolitanae},
  pages={3--9},
  year={1741}
}

@article{eulerE25,
  title={Methodus generalis summandi progressiones},
  author={Euler, Leonhard},
  journal={Commentarii academiae scientiarum Petropolitanae},
  pages={68--97},
  year={1738}
}

@article{eulerE47,
  title={Inventio summae cuiusque seriei ex dato termino generali},
  author={Euler, Leonhard},
  journal={Commentarii academiae scientiarum Petropolitanae},
  pages={9--22},
  year={1741}
}