% BibTex
@misc{Eg,
    author = {Hao Ren},
	title = {Template for Math Notes},
    year = {2021},
}

@misc{bowen2013amenableequivalencerelationsconstruction,
      title={Amenable equivalence relations and the construction of ergodic averages for group actions}, 
      author={Lewis Bowen and Amos Nevo},
      year={2013},
      eprint={1303.4426},
      archivePrefix={arXiv},
      primaryClass={math.DS},
      url={https://arxiv.org/abs/1303.4426}, 
}